


@article{ kelsey98revised,
    author = "Richard Kelsey and William Clinger and Jonathan Rees (Editors)",
    title = "Revised$^{5}$ Report on the Algorithmic Language {Scheme}",
    journal = "ACM SIGPLAN Notices",
    volume = "33",
    number = "9",
    pages = "26--76",
    year = "1998",
    url = "citeseer.nj.nec.com/kelsey98revised.html" }

@article{ bruce97drscheme,
    author = "Findler, Robert Bruce and Flanagan, Cormac and Flatt, Matthew and Krishnamurthi, Shriram and Felleisen, Matthias",
    title = "{D}r{S}cheme: {A} {P}edagogic {P}rogramming {E}nvironment for {S}cheme",
    journal = "Programming Languages: Implementations, Logics, and Program s",
    volume = "1292",
    month = "September",
    pages = "369--388",
    year = "1997",
    url = "citeseer.nj.nec.com/findler97drscheme.html" }

@Misc{ windows,
title = {Windows},
howpublished = {Microsoft Corporation},
url = "http://www.microsoft.com/windows"
}

@Misc{ macos,
title = {{M}ac {O}{S} {X}},
howpublished = {Apple Computer, Inc.},
url = "http://www.apple.com/macos"
}


@Misc{ xwindows,
title = {{T}he {X} {W}indow {S}ystem},
howpublished = {The Open Group},
url = "http://www.x.org"
}

@Misc{ mzscheme,
author = {Matthew Flatt},
title = {{T}he {M}z{S}cheme interpreter},
howpublished = {PLT},
month = "December",
year = "2002",
url = "http://www.plt-scheme.org/software/mzscheme",
note = "Version 203"
}

@Manual{ mzschemelang,
title = {PLT MzScheme: Language Manual},
author = {Matthew Flatt},
organization = {PLT},
month = {December},
year = {2002},
}

@Manual{ mred,
title = {PLT MrEd: Graphical Toolbox Manual},
author = {Matthew Flatt},
organization = {PLT},
month = {December},
year = {2002},
url = "http://download.plt-scheme.org/doc/mred",
}

@Misc{ python,
author = {Guido van Rossum},
title = {{T}he {P}ython interpreter},
howpublished = {PythonLabs},
month = "February",
year = "2003",
url = "http://www.python.org/2.3",
note = "Version 2.3a2"
}

@Manual{ pythonlang,
title = {Python Reference Manual},
author = {Guido van Rossum},
organization = {PythonLabs},
month = {February},
year = {2003},
url = "http://www.python.org/doc",
}

@Book{ jython,
author = { Samuele Pedroni and Noel Rappin},
title = {Jython Essentials},
publisher = {O'Reilly},
year = {2002},
month = {March},
}

@inproceedings{ silva00umli,
    author = "Paulo {Pinheiro~da~Silva} and Norman W. Paton",
    title = "{UMLi}: The Unified Modeling Language for Interactive Applications",
    booktitle = "{UML} 2000 - The Unified Modeling Language. Advancing the Standard. Third International Conference, York, {UK}, October 2000, Proceedings",
    volume = "1939",
    publisher = "Springer",
    editor = "Andy Evans and Stuart Kent and Bran Selic",
    pages = "117--132",
    year = "2000",
    url = "citeseer.nj.nec.com/dasilva00umli.html" }
